@article{krizhevsky2009learning,
  title={Learning multiple layers of features from tiny images},
  author={Krizhevsky, Alex},
  year={2009},
  publisher={Citeseer}
}

@article{ojala2002multiresolution,
  title={Multiresolution gray-scale and rotation invariant texture classification with local binary patterns},
  author={Ojala, Timo and Pietikainen, Matti and Maenpaa, Topi},
  journal={IEEE Transactions on pattern analysis and machine intelligence},
  volume={24},
  number={7},
  pages={971--987},
  year={2002},
  publisher={IEEE}
}

@article{burges1998tutorial,
  title={A tutorial on support vector machines for pattern recognition},
  author={Burges, Christopher JC},
  journal={Data mining and knowledge discovery},
  volume={2},
  number={2},
  pages={121--167},
  year={1998},
  publisher={Springer}
}